<?xml version="1.0" encoding="UTF-8"?><collection xmlns="http://www.loc.gov/MARC21/slim"><record><leader>00387nam--2200133-i-4500</leader><controlfield tag="001">000013806</controlfield><controlfield tag="002">20161230</controlfield><controlfield tag="005">20161230201030</controlfield><controlfield tag="008">060222s1000------------r-----000-0-eng-d</controlfield><datafield ind1=" " ind2=" " tag="100"><subfield code="a">Fleagle, Robert G.And Businger, Joost A</subfield></datafield><datafield ind1=" " ind2=" " tag="245"><subfield code="a">An introduction to atmospheric physics</subfield></datafield><datafield ind1=" " ind2=" " tag="260"><subfield code="a">New York, Academic Press, 1963</subfield></datafield><datafield ind1=" " ind2=" " tag="490"><subfield code="a">International Geophysics Series</subfield></datafield><datafield ind1=" " ind2=" " tag="852"><subfield code="a">551.5:523.4.852</subfield></datafield></record></collection>